@Manual{R,
    title = {R: A Language and Environment for Statistical Computing},
    author = {{R Core Team}},
    organization = {R Foundation for Statistical Computing},
    address = {Vienna, Austria},
    year = {2022},
    url = {https://www.R-project.org/},
  }
  
@Book{ggplot,
  author = {Hadley Wickham},
  title = {ggplot2: Elegant Graphics for Data Analysis},
  publisher = {Springer-Verlag New York},
  year = {2016},
  isbn = {978-3-319-24277-4},
  url = {https://ggplot2.tidyverse.org},
}

 @Manual{dplyr,
    title = {dplyr: A Grammar of Data Manipulation},
    author = {Hadley Wickham and Romain François and Lionel Henry and Kirill Müller},
    year = {2022},
    note = {R package version 1.0.10},
    url = {https://CRAN.R-project.org/package=dplyr},
  }

@Article{tidy,
    title = {Welcome to the {tidyverse}},
    author = {Hadley Wickham and Mara Averick and Jennifer Bryan and
      Winston Chang and Lucy D'Agostino McGowan and Romain François and
      Garrett Grolemund and Alex Hayes and Lionel Henry and Jim Hester
      and Max Kuhn and Thomas Lin Pedersen and Evan Miller and Stephan
      Milton Bache and Kirill Müller and Jeroen Ooms and David Robinson
      and Dana Paige Seidel and Vitalie Spinu and Kohske Takahashi and
      Davis Vaughan and Claus Wilke and Kara Woo and Hiroaki Yutani},
    year = {2019},
    journal = {Journal of Open Source Software},
    volume = {4},
    number = {43},
    pages = {1686},
    doi = {10.21105/joss.01686},
  }

  @Manual{readxl,
    title = {readxl: Read Excel Files},
    author = {Hadley Wickham and Jennifer Bryan},
    year = {2022},
    note = {R package version 1.4.0},
    url = {https://CRAN.R-project.org/package=readxl},
  }
  
  @Manual{tidyr,
    title = {tidyr: Tidy Messy Data},
    author = {Hadley Wickham and Maximilian Girlich},
    year = {2022},
    note = {R package version 1.2.1},
    url = {https://CRAN.R-project.org/package=tidyr},
  }

  @Manual{table,
    title = {data.table: Extension of `data.frame`},
    author = {Matt Dowle and Arun Srinivasan},
    year = {2022},
    note = {R package version 1.14.6},
    url = {https://CRAN.R-project.org/package=data.table},
  }
  
  @Article{lube,
    title = {Dates and Times Made Easy with {lubridate}},
    author = {Garrett Grolemund and Hadley Wickham},
    journal = {Journal of Statistical Software},
    year = {2011},
    volume = {40},
    number = {3},
    pages = {1--25},
    url = {https://www.jstatsoft.org/v40/i03/},
  }
  
@Manual{haven,
  title = {haven: Import and Export 'SPSS', 'Stata' and 'SAS' Files},
  author = {Hadley Wickham and Evan Miller and Danny Smith},
  year = {2022},
  note = {https://haven.tidyverse.org, https://github.com/tidyverse/haven,
https://github.com/WizardMac/ReadStat},
}

@article{beach,
Author = {Beach, Brian and Clay, Karen and Saavedra, Martin},
Title = {The 1918 Influenza Pandemic and Its Lessons for COVID-19},
Journal = {Journal of Economic Literature},
Volume = {60},
Number = {1},
Year = {2022},
Month = {March},
Pages = {41-84},
DOI = {10.1257/jel.20201641},
URL = {https://www.aeaweb.org/articles?id=10.1257/jel.20201641}}

@Article{barua,
    title = {Understanding Coronanomics: The Economic Implications of the
Covid-19 Pandemic},
    author = {Suborna Barua},
    year = {2021},
    journal = {The Journal of Developing Areas},
    volume = {55},
    number = {3},
    pages = {435-450},
    doi = {https://doi.org/10.1353/jda.2021.0073},
  }
  
@Article{mazur,
    title = {COVID-19 and the march 2020 stock market crash. Evidence from S&P1500},
    author = {Mieszko Mazur and Man Dang and Miguel Vega},
    year = {2021},
    journal = {Finance Research Letters},
    volume = {38},
    number = {1},
    doi = {10.1016/j.frl.2020.101690},
  }
  
@Manual{cdc,
    title = {Provisional COVID-19 Deaths by Sex and Age},
    author = {{Centers for Disease Control and Prevention}},
    year = {2023},
    note = {updated on Feb 15th 2023},
    url = {https://data.cdc.gov/NCHS/Provisional-COVID-19-Deaths-by-Sex-and-Age/9bhg-hcku},
  }

@article{mach,
    title = {News media coverage of COVID-19 public health and policy information},
    author = {Katharine J. Mach and Raúl Salas Reyes and Brian Pentz and Jennifer Taylor and Clarissa A. Costa and Sandip G. Cruz and Kerronia E. Thomas and James C. Arnott and Rosalind Donald and Kripa Jagannathan and Christine J. Kirchhoff and Laura C. Rosella and Nicole Klenk},
    year = {2021},
    journal = {Humanities and Social Sciences Communications},
    volume = {8},
    number = {220},
    doi = {https://doi.org/10.1057/s41599-021-00900-z},
  }
  
@article{scholey,
    title = {Life expectancy changes since COVID-19},
    author = {Jonas Schöley and José Manuel Aburto and Ilya Kashnitsky and Maxi S. Kniffka and Luyin Zhang and Hannaliis Jaadla and Jennifer B. Dowd and Ridhi Kashyap },
    year = {2022},
    journal = {Nature Human Behaviour},
    volume = {6},
    pages = {1649-1659},
    doi = {https://doi.org/10.1038/s41562-022-01450-3},
  }

@article{murray,
    title = {Estimation of potential global pandemic influenza mortality on the basis of vital registry data from the 1918-20 pandemic: a quantitative analysis},
    author = {Christopher J L Murray and Alan D Lopez and Brian Chin and Dennis Feehan and Kenneth H Hill},
    year = {2006},
    journal = {Lancet},
    volume = {368},
    number = {9554},
    pages = {2211-8},
    doi = {doi:10.1016/S0140-6736(06)69895-4},
  }


